@Manual{espDoc,
    author = {{Espressif}},
    title = {{ESP-IDF Programming Guide}},
    howpublished = {[online]},
    year = {rev. 2022},
    note = {[vid. 2022-11-30]},
    url = {https://docs.espressif.com/projects/esp-idf/en/latest/esp32/index.html},
}

@Misc{espExamples,
  author = {{Espressif}},
  title = {{Examples}},
  howpublished = {[online]},
  month = {rev. prosinec},
  year = {2021},
  note = {[vid. 2022-12-14]},
  url = {https://github.com/espressif/esp-idf/tree/edd815af2e7d541b25ff3a74c59a7fe0612df42d/examples},
}

@Misc{vsCode,
  author = {{Microsoft}},
  title = {{Visual Studio Code}},
  howpublished = {[online]},
  month = {rev. prosinec},
  year = {2021},
  note = {[vid. 2022-12-14]},
  url = {https://code.visualstudio.com/},
}

@Misc{platformio,
  author = {{PlatformIO Labs}},
  title = {{Platform IO}},
  howpublished = {[online]},
  month = {rev. prosinec},
  year = {2021},
  note = {[vid. 2022-12-14]},
  url = {https://platformio.org/},
}
